@BOOKLET{Madsen2010,
  author = {Lars Madsen},
  title = {Introduktion til {LaTeX}},
  year = {2010},
  howpublished = {\url{http://www.imf.au.dk/system/latex/bog/}}
 }
 
@MISC{Oetiker2010,
  author = {Tobias Oetiker},
  title = {The Not So Short A Introduction to {LaTeX2e}},
  year = {2010},
  howpublished = {\url{http://tobi.oetiker.ch/lshort/lshort.pdf}}
 }
 
@BOOK{Mittelbach2005,
  author = {Frank Mittelbach},
  edition = {2. ed.},
  publisher = {Addison-Wesley},
  title = {The LATEX companion},
  year = 2005
}

@misc{website:Ecnmag2016,
      author = "Keith Waldorf.",
      title = "The dangers of IOT",
      month = "July",
      year = "2016",
      url = "www.ecnmag.com/article/2016/07/dangers-iot"
}

@misc {website:Forbes2018,
    author = {Francis Dinha},
    title = {How to secure The Internet Of Things},
    month = {April},
    Year = {2018},
    url = {https://www.forbes.com/sites/forbestechcouncil/2018/04/13/how-to-secure-the-internet-of-things/#1d586fef1cbb}
}
